@incollection{abeille:godard:01,
  title={A Class of ``Lite'' Adverbs in {French}},
  author={Abeill{\'e}, Anne and Godard, Daniele},
  booktitle={Romance Syntax, Semantics and L2 Acquisition: Selected
                  papers from the 30th Linguistic Symposium on Romance
                  Languages, Gainesville, Florida, February 2000},
  editor={Joaquim Camps and Caroline R. Wiltshire},
  pages={9--26},
  year={2001},
  address={Amsterdam},
  publisher={John Benjamins Publishing Company}
}

@unpublished{megerdoomian:11,
	author = {Karine Megerdoomian},
	note = {Talk presented at the 37th Annual Meeting of the Berkeley                   Linguistics Society (BLS), Special session on                   Languages of the Caucasus},
	title = {Focus and the Auxiliary in {{Eastern} Armenian}},
	year = {2011}
}

@techreport{vallduvi:93,
	author = {Vallduv{\'i}, Enric},
	institution = {University of Pennsylvania Institute for Research in                   Cognitive Science},
	title = {The Informational Component},
	year = 1993
}

@techreport{oepen:01,
	author = {Stephan Oepen},
	institution = {Computational Linguistics, Saarland University},
	title = {{\sf \lbrack incr tsdb()\rbrack} ---             Competence and Performance Laboratory. {{U}}ser Manual},
	year = 2001
}

@techreport{fokkens:10,
	author = {Antske Fokkens},
	institution = {Saarland University},
	title = {Documentation for the {Grammar Matrix} Word Order Library},
	year = 2010
}

@techreport{burnard:00,
	author = {Burnard, Lou},
	institution = {Oxford University Computing Services},
	title = {User Reference Guide for the {{British} National Corpus}},
	year = 2000
}

@phdthesis{wee:01,
	author = {Wee, Hae-Kyung},
	school = {Indiana University},
	title = {Sentential Logic, Discourse and Pragmatics of Topic and                   Focus},
	year = {2001}
}

@phdthesis{vallduvi:90,
	author = {Vallduv{\'i}, Enric},
	school = {University of Pennsylvania},
	title = {The Informational Component},
	year = {1990}
}

@phdthesis{tamrazian:94,
	author = {Tamrazian, Armine},
	school = {University College London},
	title = {The Syntax of {Armenian}: {C}hains and the Auxiliary},
	year = {1994}
}

@phdthesis{szendroi:01,
	author = {Kriszta Szendr\H{o}i},
	school = {University College London},
	title = {Focus and the {Syntax-Phonology} Interface},
	year = {2001}
}

@phdthesis{rooth:85,
	author = {Rooth, Mats},
	school = {University of Massachusetts, Amherst},
	title = {Association with Focus},
	year = {1985}
}

@phdthesis{petronio:93,
	author = {Petronio, Karen},
	school = {University of Washington},
	title = {Clause Structure in {{American} Sign Language}},
	year = {1993}
}

@phdthesis{paggio:96,
	author = {Paggio, Patrizia},
	school = {University of Copenhagen },
	title = {The Treatment of Information Structure in Machine                   Translation},
	year = {1996}
}

@phdthesis{ning:93,
	author = {Ning, Chunyan},
	school = {University of California, Irvine},
	title = {The Overt Syntax of Relativization and Topicalization in {{Chinese}}},
	year = {1993}
}

@phdthesis{nguyen:06,
	author = {Nguyen, Hoai Thu Ba},
	school = {Seoul National University},
	title = {Contrastive Topic in {Vietnamese}: {W}ith Reference to {{Korean}}},
	year = {2006}
}

@phdthesis{li:09,
	author = {Li, Kening},
	school = {University of Washington},
	title = {The Information Structure of {Mandarin {Chinese}}: {S}yntax and                   Prosody},
	year = {2009}
}

@phdthesis{lee:04,
	author = {Lee, Youngjoo},
	school = {Massachusetts Institute of Technology},
	title = {The Syntax and Semantics of Focus Particles},
	year = {2004}
}

@phdthesis{lambrecht:86,
	author = {Lambrecht, Knud},
	school = {University of California, Berkeley},
	title = {Topic, Focus, and the Grammar of Spoken {{French}}},
	year = {1986}
}

@phdthesis{komagata:99,
	author = {Nobo N. Komagata},
	school = {University of Pennsylvania},
	title = {A Computational Analysis of Information Structure Using                   Parallel Expository Texts in {{English}} and {Japanese}},
	year = {1999}
}

@phdthesis{jiang:91,
	author = {Jiang, Zixin},
	school = {University of Chicago},
	title = {{Some} Aspects of the Syntax of Topic and Subject in                   {Chinese}},
	year = {1991}
}

@phdthesis{iatridou:91,
	author = {Iatridou, Sabine},
	school = {Massachusetts Institute of Technology},
	title = {Topics in Conditionals},
	year = {1991}
}

@phdthesis{huang:82,
	author = {Huang, C.-T. James},
	school = {Massachusetts Institute of Technology},
	title = {Logical Relations in {{Chinese}} and the Theory of Grammar},
	year = {1982}
}

@phdthesis{hasegawa:11,
	author = {Akio Hasegawa},
	school = {State University of New York at Buffalo},
	title = {The Semantics and Pragmatics of {{Japanese}} Focus Particles},
	year = {2011}
}

@phdthesis{han:06,
	author = {Han, Na-Rae},
	school = {University of Pennsylvania},
	title = {{{Korean}} Zero Pronouns: {A}nalysis and Resolution},
	year = {2006}
}

@phdthesis{gunlogson:01,
	author = {Christine Gunlogson},
	school = {University of California at Santa Cruz},
	title = {True to Form: {R}ising and Falling Declaratives as Questions                   in {{English}}},
	year = {2001}
}

@phdthesis{gryllia:09,
	author = {Styliani Gryllia},
	school = {Leiden University},
	title = {On the Nature of Preverbal Focus in {{Greek}}: {A} Theoretical and                   Experimental Approach},
	year = {2009}
}

@phdthesis{drellishak:09,
	author = {Drellishak, Scott},
	school = {University of Washington},
	title = {Widespread but Not Universal: {I}mproving the Typological                   Coverage of the {Grammar Matrix}},
	year = {2009}
}

@phdthesis{bildhauer:07,
	author = {Felix Bildhauer},
	school = {Universit{\"a}t Bremen},
	title = {Representing Information Structure in an {{HPSG}} Grammar of                   {{Spanish}}},
	year = {2007}
}

@phdthesis{baldwin:98,
	author = {Baldwin, Timothy},
	school = {Tokyo Institute of Technology},
	title = {The Analysis of {{Japanese}} Relative Clauses},
	year = {1998}
}

@misc{arregi:00,
	author = {Arregi, Karlos},
	publisher = {MIT},
	title = {Tense in {{Basque}} (Ms.)},
	year = {2000}
}

@mastersthesis{slayden:12,
	author = {Slayden, Glenn C.},
	school = {University of Washington},
	title = {Array {{TFS}} Storage for Unification Grammars},
	year = {2012}
}

@mastersthesis{saleem:10,
	author = {Saleem, Safiyyah},
	school = {University of Washington},,
	title = {Argument Optionality: {A} New Library for the {Grammar Matrix}                   Customization System},
	year = {2010}
}

@mastersthesis{rodionova:01,
	author = {Rodionova, Elena V.},
	school = {University of North Dakota},
	title = {Word Order and Information Structure in {{Russian}} Syntax},
	year = {2001}
}

@mastersthesis{pozen:13,
	author = {Zinaida Pozen},
	school = {University of Washington},
	title = {Using Lexical and Compositional Semantics to Improve {{HPSG}}                   Parse Selection},
	year = {2013}
}

@mastersthesis{man:07,
	author = {Fung Suet Man},
	school = {University of Hong Kong},
	title = {{{TOPIC}} and {FOCUS} in {{Cantonese}}: {A}n {OT}-{LFG} Account},
	year = {2007}
}

@mastersthesis{gracheva:13,
	author = {Varvara Gracheva},
	school = {University of Washington},
	title = {Markers of Contrast in {{Russian}}: {A} Corpus-based Study},
	year = {2013}
}

@mastersthesis{crowgey:12,
	author = {Crowgey, Joshua},
	school = {University of Washington},
	title = {The Syntactic Exponence of Negation: {A} Model for the {{LinGO} Grammar Matrix}},
	year = {2012}
}

@inproceedings{zhao:ng:07,
	address = {Prague, Czech},
	author = {Zhao, Shanheng and Ng, Hwee Tou},
	booktitle = {{Proceedings of the 2007 Joint Conference on Empirical                   Methods in Natural Language Processing and                   Computational Natural Language Learning}},
	title = {Identification and Resolution of {{Chinese}} Zero Pronouns: {A}                   Machine Learning Approach},
	year = {2007}
}

@inproceedings{yu:etal:10,
	author = {Yu, Kun and Miyao, Yusuke and Wang, Xiangli and Matsuzaki,                   Takuya and Tsujii, Junichi},
	booktitle = {{Proceedings of the 23rd International Conference on                   Computational Linguistics}},
	organization = {{Association for Computational Linguistics}},
	pages = {1417--1425},
	title = {Semi-automatically Developing {{Chinese}} {{HPSG}} Grammar from the                   {Penn {Chinese} Treebank} for Deep Parsing},
	year = {2010}
}

@inproceedings{webelhuth:07,
	address = {Stanford, CA},
	author = {Gert Webelhuth},
	booktitle = {{Proceedings of the 14th International Conference on                   {{H}ead-Driven} {P}hrase {S}tructure {G}rammar}},
	editor = {Stefan M{\"u}ller},
	pages = {306--322},
	publisher = {CSLI Publications},
	title = {Complex {Topic-Comment} Structures in {HPSG}},
	year = 2007
}

@inproceedings{velleman:etal:12,
	author = {Velleman, Dan and Beaver, David and Destruel, Emilie and                   Bumford, Dylan and Onea, Edgar and Coppock, Liz},
	booktitle = {{Proceedings of Semantics and Linguistic Theory 22}},
	pages = {441--460},
	title = {It-clefts are \textsc{it} (Inquiry Terminating)                   Constructions},
	year = {2012}
}

@inproceedings{traat:bos:04,
	author = {Maarika Traat and Johan Bos},
	booktitle = {{Proceedings of the 20th International Conference on                   Computational Linguistics}},
	organization = {{Association for Computational Linguistics}},
	title = {Unificational Combinatory Categorial Grammar: {C}ombining                   Information Structure and Discourse                   Representations},
	year = {2004}
}

@inproceedings{sturgeon:10,
	author = {Sturgeon, Anne},
	booktitle = {{Proceedings of the Annual Meeting of the {Berkeley}                   Linguistics Society}},
	number = {1},
	title = {The Discourse Function of Left Dislocation in {Czech}},
	volume = {31},
	year = {2010}
}

@inproceedings{song:etal:10,
	address = {Beijing, China},
	author = {Song, Sanghoun and Kim, Jong-Bok and Bond, Francis and Yang,                   Jaehyung},
	booktitle = {{Proceedings of the 8th Workshop on {Asian} Language                   Resources}},
	title = {Development of the {{Korean} Resource Grammar}: {T}owards Grammar                   Customization},
	year = {2010}
}

@inproceedings{song:bender:12,
	address = {Stanford, CA},
	author = {Song, Sanghoun and Bender, Emily M.},
	booktitle = {{Proceedings of the 19th International Conference on                   {{H}ead-Driven} {P}hrase {S}tructure {G}rammar}},
	editor = {Stefan M{\"u}ller},
	pages = {329--347},
	publisher = {CSLI Publications},
	title = {Individual Constraints for Information Structure},
	year = 2012
}

@inproceedings{song:bender:11,
	address = {Stanford, CA},
	author = {Song, Sanghoun and Bender, Emily M.},
	booktitle = {{Proceedings of the 18th International Conference on                   {{H}ead-Driven} {P}hrase {S}tructure {G}rammar}},
	editor = {Stefan M{\"u}ller},
	pages = {348--368},
	publisher = {CSLI Publications},
	title = {Using Information Structure to Improve Transfer-based                   {{MT}}},
	year = 2011
}

@inproceedings{siegel:99,
	author = {Siegel, Melanie},
	booktitle = {{Proceedings of the 13th {{Pacific} Asia Conference on                   Language, Information and Computation}}},
	editor = {Wang, Jhing-Fa and Wu, Chung-Hsien},
	pages = {313--320},
	title = {The Syntactic Processing of Particles in {J}apanese Spoken                   Language},
	year = {1999}
}

@inproceedings{sato:tam:12,
	address = {Stanford, CA},
	author = {Yo Sato and Wai Lok Tam},
	booktitle = {{Proceedings of the 19th International Conference on                   {{H}ead-Driven} {P}hrase {S}tructure {G}rammar}},
	editor = {Stefan M{\"u}ller},
	pages = {442--452},
	publisher = {CSLI Publications},
	title = {Ellipsis of Case-markers and Information Structure in                   {{Japanese}}},
	year = 2012
}

@inproceedings{saleem:bender:10,
	address = {Beijing, China},
	author = {Saleem, Safiyyah and Bender, Emily M.},
	booktitle = {{Proceedings of the 23rd International Conference on                   Computational Linguistics: {P}osters}},
	month = {August},
	pages = {1068--1076},
	publisher = {Coling 2010 Organizing Committee},
	title = {Argument Optionality in the {{LinGO} Grammar Matrix}},
	year = {2010}
}

@inproceedings{roh:lee:03,
	author = {Roh, Ji-Eun and Lee, Jong-Hyeok},
	booktitle = {{Proceedings of Australasian Language Technology                   Association}},
	pages = {90--97},
	title = {An Empirical Study for Generating Zero Pronoun in {{Korean}}                   based on Cost-based Centering Model},
	year = {2003}
}

@inproceedings{oshima:09,
	address = {City University of Hong Kong, Hong Kong},
	author = {Oshima, David Y.},
	booktitle = {{Proceedings of the 23rd {{Pacific} Asia Conference on                   Language, Information and Computation}}},
	pages = {405--414},
	title = {On the {{So}-Called} Thematic Use of \textit{Wa}: {R}econsideration and                   Reconciliation},
	year = {2009}
}

@inproceedings{oshima:08,
	author = {Oshima, David Y.},
	booktitle = {{Proceedings of {Chicago} Linguistic Society ({{CLS}}) 41}},
	pages = {371--383},
	title = {Morphological \textit{vs}. {P}honological Contrastive Topic Marking},
	year = {2008}
}

@inproceedings{osenova:11,
	address = {Hamburg},
	author = {Petya Osenova},
	booktitle = {Multilingual Resources and Multilingual Applications,                   {Proceedings of {German} Society for Computational                   Linguistics and Language Technology ({{GSCL}})}},
	editor = {Hanna Hedeland and Thomas Schmidt and Kai Worner},
	seriestitle = {Studies in Generative Grammar},
	title = {Localizing a Core {{HPSG}}-based Grammar for {{Bulgarian}}},
	year = 2011,   pages = {175--180}
}

@inproceedings{ohtani:matsumoto:04,
	address = {Tokyo, Japan},
	author = {Akira Ohtani and Yuji Matsumoto},
	booktitle = {{Proceedings of the 18th {{Pacific} Asia Conference on                   Language, Information and Computation}}},
	pages = {93--104},
	title = {{{Japanese}} Subjects and Information Structure: {A}                   Constraint-based Approach},
	year = {2004}
}

@inproceedings{oepen:etal:07,
	address = {Sk{\"o}vde, Sweden},
	author = {Oepen, Stephan and Velldal, Erik and L{\o}nning, Jan T. and                   Meurer, Paul and Ros{\'e}n, Victoria and Flickinger,                   Dan},
	booktitle = {{Proceedings of the 11th International Conference on                   Theoretical and Methodological Issues in Machine                   Translation}},
	title = {Towards Hybrid {Quality-Oriented} Machine Translation -- On                   Linguistics and Probabilities in {MT}},
	year = {2007}
}

@inproceedings{nakaiwa:shirai:96,
	author = {Nakaiwa, Hiromi and Shirai, Satoshi},
	booktitle = {{Proceedings of the 16th Conference on Computational                   Linguistics}},
	organization = {{Association for Computational Linguistics}},
	pages = {812--817},
	title = {Anaphora Resolution of {{Japanese}} Zero Pronouns with Deictic                   Reference},
	year = {1996}
}

@inproceedings{moeljadi:15,
	address = {Beijing, China},
	author = {Moeljadi, David and Francis Bond and Sanghoun Song},
	booktitle = {Grammar Engineering Across Frameworks 2015 (in                   conjunction with {{ACL}} 2015)},
	pages = {26--31},
	title = {Building an {{HPSG}}-based {Indonesian} Resource Grammar ({INDRA})},
	year = {2015}
}

@inproceedings{mitkov:etal:95,
	author = {Mitkov, Ruslan and Choi, Sung-Kwon and Sharp, Randall},
	booktitle = {{Proceedings of the 6th International conference on                   Theoretical and Methodological issues in Machine                   Translation}},
	title = {Anaphora Resolution in Machine Translation},
	year = {1995}
}

@inproceedings{matsui:99,
	author = {Matsui, Tomoko},
	booktitle = {{Proceedings of the Workshop on the Relation of                   {Discourse/Dialogue} Structure and Reference}},
	pages = {11--20},
	title = {Approaches to {{Japanese}} Zero Pronouns: {C}entering and                   Relevance},
	year = {1999}
}

@inproceedings{kuhn:96,
	author = {Kuhn, Jonas},
	booktitle = {{Proceedings of the 16th conference on Computational                   Linguistics}},
	organization = {{Association for Computational Linguistics}},
	pages = {670--675},
	title = {An Underspecified {{HPSG}} Representation for Information                   Structure},
	volume = {2},
	year = {1996}
}

@inproceedings{kong:ng:13,
	address = {Seattle, WA, USA},
	author = {Fang Kong and Hwee Tou Ng},
	booktitle = {{Proceedings of the 2013 Conference on Empirical Methods                   in Natural Language Processing}},
	pages = {278--288},
	publisher = {{Association for Computational Linguistics}},
	title = {Exploiting Zero Pronouns to Improve {{Chinese}}                   Coreference Resolution},
	year = {2013}
}

@inproceedings{ko:08,
	address = {Stanford, CA},
	author = {Kil Soo Ko},
	booktitle = {{Proceedings of the 15th International Conference on                   {{H}ead-Driven} {P}hrase {S}tructure {G}rammar}},
	editor = {Stefan M{\"u}ller},
	pages = {131--151},
	publisher = {CSLI Publications},
	title = {{{Korean}} Postpositions as Weak Syntactic Heads},
	year = 2008
}

@inproceedings{king:zaenen:04,
	address = {University of Canterbury, New Zealand},
	author = {King, Tracy Holloway and Zaenen, Annie},
	booktitle = {{Proceedings of the {{LFG}}04 Conference}},
	editor = {Butt Miriam and Tracy Holloway King},
	title = {F-structures, Information Structure, and Discourse                   Structure},
	year = {2004}
}

@inproceedings{king:97,
	address = {University of California, San Diego},
	author = {Tracy Holloway King},
	booktitle = {{Proceedings of the {{LFG}}97 Conference}},
	editor = {Butt Miriam and Tracy Holloway King},
	title = {Focus Domains and {Information-Structure}},
	year = {1997}
}

@inproceedings{kim:sells:07,
	address = {Stanford, CA},
	author = {Jong-Bok Kim and Peter Sells},
	booktitle = {{Proceedings of the 14th International Conference on                   {{H}ead-Driven} {P}hrase {S}tructure {G}rammar}},
	editor = {Stefan M{\"u}ller},
	pages = {364--372},
	publisher = {CSLI Publications},
	title = {Two Types of Multiple Nominative Construction: {A}                   Constructional Approach},
	year = 2007
}

@inproceedings{kim:11b,
	address = {Stanford, CA},
	author = {Jong-Bok Kim},
	booktitle = {{Proceedings of the 18th International Conference on                   {{H}ead-Driven} {P}hrase {S}tructure {G}rammar}},
	editor = {Stefan M{\"u}ller},
	pages = {302--313},
	publisher = {CSLI Publications},
	title = {Floating Numeral Classifiers in {{Korean}}: {A}                   {Thematic-Structure} Perspective},
	year = 2011
}

@inproceedings{jun:lee:98,
	address = {Sydney, Australia},
	author = {Jun, Sun-Ah and Hyuck-Joon Lee},
	booktitle = {International {Conference on Spoken Language Processing}},
	pages = {1295--1298},
	title = {The Phonetics and Phonology of {{Korean}} Prosody in {{Korean}}},
	year = {1998}
}

@inproceedings{heycock:94,
	author = {Heycock, Caroline},
	booktitle = {{Proceedings of {North} East Linguistic Society}},
	pages = {157--171},
	title = {Focus Projection in {{Japanese}}},
	year = {1994}
}

@inproceedings{hellan:05,
	address = {Lisbon},
	author = {Lars Hellan},
	booktitle = {{Proceedings of the 12th International Conference on                   {{H}ead-Driven} {P}hrase {S}tructure {G}rammar}},
	pages = {519--539},
	publisher = {CSLI Publications},
	title = {Implementing {{Norwegian}} Reflexives in an {{HPSG}} Grammar},
	year = {2005}
}

@inproceedings{hasegawa:koenig:11,
	address = {Stanford, CA},
	author = {Akio Hasegawa and Jean-Pierre Koenig},
	booktitle = {{Proceedings of the 18th International Conference on                   {{H}ead-Driven} {P}hrase {S}tructure {G}rammar}},
	editor = {Stefan M{\"u}ller},
	pages = {81--101},
	publisher = {CSLI Publications},
	title = {Focus Particles, Secondary Meanings, and Lexical Resource                   Semantics: {T}he Case of {{Japanese}} \textit{shika}},
	year = 2011
}

@inproceedings{hangyo:etal:13,
	address = {Seattle, WA, USA},
	author = {Masatsugu Hangyo and Daisuke Kawahara and Sadao Kurohashi },
	booktitle = {{Proceedings of the 2013 Conference on Empirical Methods                   in Natural Language Processing}},
	pages = {9241--934},
	publisher = {{Association for Computational Linguistics}},
	title = {{{Japanese}} Zero Reference Resolution Considering                   Exophora and {Author/Reader} Mentions},
	year = {2013}
}

@inproceedings{haji:03,
	address = {Stanford, CA},
	author = {Haji-Abdolhosseini, Mohammad},
	booktitle = {{Proceedings of the 10th International Conference on                   {{H}ead-Driven} {P}hrase {S}tructure {G}rammar}},
	editor = {Stefan M{\"u}ller},
	pages = {143--162},
	publisher = {CSLI Publications},
	title = {A {Constraint-Based} Approach to Information Structure and                   Prosody Correspondence},
	year = 2003
}

@inproceedings{haegeman:04,
	author = {Haegeman, Liliane},
	booktitle = {{{ZAS}} Papers in Linguistics 35: {P}roceedings of the                   Dislocated Elements {Workshop}},
	pages = {157--192},
	title = {Topicalization, {{CLLD}} and the Left Periphery},
	year = {2004}
}

@inproceedings{gundel:03,
	address = {Stanford, CA},
	author = {Jeanette K. Gundel},
	booktitle = {{Proceedings of the 10th International Conference on                   {{H}ead-Driven} {P}hrase {S}tructure {G}rammar}},
	editor = {Stefan M{\"u}ller},
	pages = {122--142},
	publisher = {CSLI Publications},
	title = {Information Structure and Referential {Givenness/Newness}: {H}ow Much Belongs in the Grammar?},
	year = 2003
}

@inproceedings{grishina:06,
	author = {Grishina, Elena},
	booktitle = {{Proceedings of the 5th International Conference on                   Language Resources and Evaluation}},
	pages = {121--124},
	title = {Spoken {{Russian}} in the {{Russian} National Corpus ({RNC})}},
	year = {2006}
}

@inproceedings{gell:ruhlen:11,
	author = {Gell-Mann, Murray and Ruhlen, Merritt},
	booktitle = {{Proceedings of the National Academy of Sciences of the                   {United States} of America}},
	number = {42},
	pages = {17290--17295},
	publisher = {National Acad Sciences},
	title = {The Origin and Evolution of Word Order},
	volume = {108},
	year = {2011}
}

@inproceedings{fan:15b,
	address = {Singapore},
	author = {Fan, Zhenzhen and Sanghoun Song and Francis Bond},
	booktitle = {{Proceedings of the 22nd International Conference on                   {{H}ead-Driven} {P}hrase {S}tructure {G}rammar}},
	pages = {96--109},
	title = {Building {{ZHONG}}, a {Chinese} {HPSG} Shared-Grammar},
	year = {2015}
}

@inproceedings{fan:15a,
	address = {Beijing, China},
	author = {Fan, Zhenzhen and Sanghoun Song and Francis Bond},
	booktitle = {Grammar Engineering Across Frameworks 2015 (in                   conjunction with {{ACL}} 2015)},
	pages = {17--24},
	title = {An {{HPSG}}-based Shared-Grammar for the {Chinese} Languages: {ZHONG} [|]},
	year = {2015}
}

@inproceedings{drellishak:bender:05,
	address = {Stanford, CA},
	author = {Scott Drellishak and Emily M. Bender},
	booktitle = {The {Proceedings of the 12th International Conference on     {{H}ead-Driven} {P}hrase {S}tructure {G}rammar}},
	editor = {Stefan M{\"u}ller},
	pages = {108--128},
	publisher = {CSLI Publications},
	title = {A Coordination Module for a Crosslinguistic Grammar     Resource},
	year = {2005}
}

@inproceedings{dekuthy:meurers:11,
	address = {Stanford, CA},
	author = {De Kuthy, Kordula and Meurers, Detmar},
	booktitle = {{Proceedings of the 18th International Conference on                   {{H}ead-Driven} {P}hrase {S}tructure {G}rammar}},
	editor = {Stefan M{\"u}ller},
	pages = {289--301},
	publisher = {CSLI Publications},
	title = {Integrating {{GIVENness}} into a structured meaning approach                   in {HPSG}},
	year = 2011
}

@inproceedings{crysmann:05a,
	address = {Lisbon},
	author = {Berthold Crysmann},
	booktitle = {{Proceedings of the 12th International Conference on                   {{H}ead-Driven} {P}hrase {S}tructure {G}rammar}},
	pages = {91--107},
	publisher = {CSLI Publications},
	title = {Syncretism in {{German}}: {A} Unified Approach to                   Underspecification, Indeterminacy, and likeness of                   Case},
	year = {2005}
}

@inproceedings{crysmann:03,
	address = {Borovets, Bulgaria},
	author = {Berthold Crysmann},
	booktitle = {{Proceedings of {{RANLP}} 2003}},
	pages = {112--116},
	title = {On the Efficient Implementation of {{German}} Verb Placement                   in {{HPSG}}},
	year = 2003
}

@inproceedings{crowgey:bender:11,
	address = {Stanford},
	author = {Crowgey, Joshua and Bender, Emily M.},
	booktitle = {{Proceedings of the International Conference on                   {{H}ead-Driven} {P}hrase {S}tructure {G}rammar}},
	editor = {Stefan M{\"u}ller},
	pages = {46--59},
	publisher = {CSLI Publications},
	title = {Analyzing Interacting Phenomena: {W}ord Order and Negation                   in {B}asque},
	year = 2011
}

@inproceedings{copestake:09,
	address = {Athens, Greece},
	author = {Copestake, Ann},
	booktitle = {{Proceedings of the 12th Conference of the {{European}}                   Chapter of the {{ACL}} ({E{ACL}} 2009)}},
	pages = {1--9},
	publisher = {{Association for Computational Linguistics}},,
	title = {Slacker Semantics: {W}hy Superficiality, Dependency and                   Avoidance of Commitment can be the Right Way to                   Go},
	year = {2009}
}

@inproceedings{copestake:07,
	author = {Copestake, Ann},
	booktitle = {{Proceedings of the Workshop on Deep Linguistic                   Processing}},
	organization = {{Association for Computational Linguistics}},
	pages = {73--80},
	title = {Semantic Composition with (Robust) {Minimal Recursion                   Semantics}},
	year = {2007}
}

@inproceedings{chung:etal:03,
	author = {Chung, Chan and Kim, Jong-Bok and Sells, Peter},
	booktitle = {{Proceedings from the Annual Meeting of the {{Chicago}}                   Linguistic Society}},
	number = {1},
	organization = {Chicago Linguistic Society},
	pages = {386--404},
	title = {On the Role of Argument Structure in Focus Projections},
	volume = {39},
	year = {2003}
}

@inproceedings{choi:12,
	address = {Stanford, CA},
	author = {Choi, Incheol},
	booktitle = {{Proceedings of the 19th International Conference on                   {{H}ead-Driven} {P}hrase {S}tructure {G}rammar}},
	editor = {Stefan M{\"u}ller},
	pages = {75--85},
	publisher = {CSLI Publications},
	title = {Sentential Specifiers in the {{Korean}} Clause Structure},
	year = 2012
}

@inproceedings{chen:ng:13,
	address = {Seattle, WA, USA},
	author = {Chen Chen and Vincent Ng},
	booktitle = {{Proceedings of the 2013 Conference on Empirical Methods                   in Natural Language Processing}},
	pages = {1360--1365},
	publisher = {{Association for Computational Linguistics}},
	title = {{{Chinese}} Zero Pronoun Resolution: {S}ome Recent Advances},
	year = {2013}
}

@inproceedings{branco:costa:10,
	address = {Berlin},
	author = {Branco, Ant{\'o}nio and Costa, Francisco},
	booktitle = {Computational Processing of the {{Portuguese}} Language},
	pages = {86--89},
	publisher = {Springer},
	series = {Lecture Notes in Artificial Intelligence},
	title = {A Deep Linguistic Processing Grammar for {P}ortuguese},
	volume = {LNAI6001},
	year = {2010}
}

@inproceedings{bouma:etal:10,
	address = {Valletta, Malta},
	author = {Bouma, Gerlof and {\O}vrelid, Lilja and Kuhn, Jonas},
	booktitle = {{Proceedings of the 7th conference on International Language Resources                         and Evaluation ({{LREC}10})}},
	pages = {3585--3592},
	title = {Towards a Large Parallel Corpus of Cleft Constructions},
	year = {2010}
}

@inproceedings{bond:etal:09,
	address = {Singapore},
	author = {Francis Bond and Hitoshi Isahara and Sanae Fujita and                   Kiyotaka Uchimoto and Takayuki Kuribayashi and Kyoko                   Kanzaki},
	booktitle = {{Proceedings of the 7th Workshop on {Asian} Language Resources}},
	title = {Enhancing the {{Japanese} {WordNet}}},
	year = {2009}
}

@inproceedings{bonami:delais:06,
	address = {Stanford, CA},
	author = {Bonami, Olivier and Delais-Roussarie, Elisabeth},
	booktitle = {{Proceedings of the 13th International Conference on                   {{H}ead-Driven} {P}hrase {S}tructure {G}rammar}},
	editor = {Stefan M{\"u}ller},
	pages = {39--59},
	publisher = {CSLI Publications},
	title = {Metrical Phonology in {{HPSG}}},
	year = 2006
}

@inproceedings{bjerre:11,
	address = {Stanford, CA},
	author = {Anne Bjerre},
	booktitle = {{Proceedings of the 18th International Conference on                   {{H}ead-Driven} {P}hrase {S}tructure {G}rammar}},
	editor = {Stefan M{\"u}ller},
	pages = {270--288},
	publisher = {CSLI Publications},
	title = {Topic and Focus in Local Subject Extractions in {Danish}},
	year = 2011
}

@inproceedings{bildhauer:cook:10,
	address = {Stanford, CA},
	author = {Felix Bildhauer and Philippa Cook},
	booktitle = {{Proceedings of the 17th International Conference on                   {{H}ead-Driven} {P}hrase {S}tructure {G}rammar}},
	editor = {Stefan M{\"u}ller},
	pages = {68--79},
	publisher = {CSLI Publications},
	title = {{German} Multiple Fronting and Expected Topichood},
	year = 2010
}

@inproceedings{bildhauer:08,
	address = {Stanford, CA},
	author = {Felix Bildhauer},
	booktitle = {{Proceedings of the 15th International Conference on                   {{H}ead-Driven} {P}hrase {S}tructure {G}rammar}},
	editor = {Stefan M{\"u}ller},
	pages = {346--357},
	publisher = {CSLI Publications},
	title = {Clitic Left Dislocation and Focus Projection in {{Spanish}}},
	year = 2008
}

@inproceedings{bender:goss:08,
	author = {Emily M. Bender and David Goss-Grubbs},
	booktitle = {{Proceedings of the 2008 Conference on Semantics in Text                   Processing}},
	organization = {{Association for Computational Linguistics}},
	pages = {17--29},
	title = {Semantic Representations of Syntactically Marked Discourse                   Status in Crosslinguistic Perspective},
	year = {2008}
}

@inproceedings{bender:flickinger:05,
	address = {Jeju Island, Korea},
	author = {Bender, Emily M. and Flickinger, Dan},
	booktitle = {{Proceedings of the 2nd International Joint Conference                   on Natural Language Processing {IJCNLP-}05: {P}osters/Demos}},
	title = {Rapid Prototyping of Scalable Grammars: {T}owards Modularity                   in Extensions to a {Language-Independent} Core},
	year = 2005
}

@inproceedings{bender:etal:07,
	address = {Prague, Czech Republic},
	author = {Bender, Emily M.  and Poulson, Laurie and Drellishak,                   Scott and Evans, Chris},
	booktitle = {{ACL} 2007 {Workshop on Deep Linguistic Processing}},
	pages = {136--143},
	publisher = {{Association for Computational Linguistics}},
	title = {Validation and Regression Testing for a                   Cross-linguistic Grammar Resource},
	year = {2007}
}

@inproceedings{bender:14,
	address = {Reykjavik, Iceland},
	author = {Emily M. Bender},
	booktitle = {{Proceedings of the Ninth International Conference on                   Language Resources and Evaluation ({{LREC}}'14)}},
	pages = {2447--2451},
	title = {Language {CoLLAGE}: {G}rammatical Description with the {LinGO Grammar Matrix}},
	year = {2014}
}

@inproceedings{bender:08,
	address = {Stanford, CA},
	author = {Bender, Emily M.},
	booktitle = {{Proceedings of the {T}exas Linguistics Society X                   Conference: {C}omputational Linguistics for                   {Less-Studied} Languages}},
	editor = {Nicholas Gaylord and Stephen Hilderbrand and Heeyoung Lyu                   and Alexis Palmer and Elias Ponvert},
	pages = {16--36},
	publisher = {CSLI Publications},
	title = {Grammar Engineering for Linguistic Hypothesis Testing},
	year = {2008}
}

@inproceedings{bender:07,
	address = {Stanford, CA},
	author = {Bender, Emily M.},
	booktitle = {{Proceedings of the Workshop on Grammar Engineering across Frameworks ({{GEAF}}07)}},
	title = {Combining Research and Pedagogy in    the Development of a Crosslinguistic Grammar Resource},
	year = 2007
}

@incollection{zeevat:87,
	address = {Dordrecht},
	author = {Zeevat, Henk},
	booktitle = {Natural Language Parsing and Linguistic Theories},
	editor = {Uwe Reyle and Christian Rohrer},
	pages = {202--229},
	publisher = {D. Reidel Publishing Company},
	title = {Combining Categorial Grammar and Unification},
	year = {1987}
}

@incollection{yoshimoto:00,
	address = {Stanford, CA},
	author = {Kei Yoshimoto},
	booktitle = {Grammatical Interfaces in {{HPSG}}},
	editor = {Ronnie Cann and Claire Grover and Philip Miller},
	pages = {267--282},
	publisher = {CSLI Publications},
	title = {A Bistratal Approach to the {Prosody-Syntax} Interface in                   {{Japanese}}},
	year = {2000}
}

@incollection{vallduvi:92,
	address = {Amsterdam},
	author = {Vallduv{\'\i}, Enric},
	booktitle = {Theoretical Analyses in {R}omance Linguistics},
	editor = {Christiane Laeufer and Terrell A. Morgan},
	pages = {457--479},
	publisher = {John Benjamins},
	sortname = {Vallduv{\i}, Enric},
	title = {Focus Constructions in {{Catalan}}},
	year = {1992}
}

@incollection{urbina:99,
	address = {Amsterdam},
	author = {Ortiz de Urbina, Jon},
	booktitle = {The Grammar of Focus},
	editor = {Georges Rebuschi and Laurice Tuller},
	pages = {311--333},
	publisher = {John Benjamins Publishing Company},
	title = {Focus in {{Basque}}},
	year = {1999}
}

@incollection{selkirk:95,
	address = {Cambridge},
	author = {Selkirk, Elisabeth O'Brian},
	booktitle = {The Handbook of Phonological Theory},
	editor = {John A. Goldsmith},
	pages = {\biberror{no pages}},
	publisher = {Blackwell Publishers},
	sortname = {Selkirk, Elisabeth O'Brian},
	title = {Sentence Prosody: {I}ntonation, Stress, and Phrasing},
	year = {1995}
}

@incollection{roberts:11,
	address = {Berlin, New York},
	author = {Craige Roberts},
	booktitle = {Semantics: {A}n International Handbook of Natural Language                   Meaning},
	editor = {Claudia Maienborn and Klaus von Heusinger and Paul                   Portner},
	pages = {1908--1934},
	publisher = {Mouton de Gruyter},
	title = {Topics},
	volume = {2},
	year = {2011}
}

@incollection{rizzi:97,
	address = {Dordrecht},
	author = {Rizzi, Luigi},
	booktitle = {Elements of Grammar: {H}andbook in Generative Syntax},
	editor = {Liliane Haegeman},
	pages = {281--337},
	publisher = {Kluwer Academic Publishers},
	title = {The Fine Structure of the Left Periphery},
	year = {1997}
}

@incollection{rebuschi:tuller:99,
	address = {\biberror{no address}},
	author = {Georges Rebuschi and Laurice Tuller},
	booktitle = {The Grammar of Focus},
	editor = {Georges Rebuschi and Laurice Tuller},
	pages = {1--22},
	publisher = {John Benjamins Publishing Company},
	title = {The Grammar of Focus: {A}n Introduction},
	year = {1999}
}

@incollection{ramsay:87,
	address = {Amsterdam},
	author = {Ramsay, Violetta},
	booktitle = {Coherence and Grounding in Discourse},
	editor = {Russell S. Tomlin},
	pages = {383--408},
	publisher = {John Benjamins},
	title = {The Functional Distribution of Preposed and Postposed `if'                   and `when' Clauses in Written Discourse},
	year = {1987}
}

@incollection{partee:99,
	address = {Cambridge, UK},
	author = {Partee, Barbara H.},
	booktitle = {Focus: {L}inguistic, Cognitive, and Computational                    Perspectives},
	editor = {Peter Bosch and Rob van der Sandt},
	pages = {213--231},
	publisher = {Cambridge University Press},
	sortname = {Partee, Barbara H.},
	title = {Focus, Quantification, and {Semantics-Pragmatics} Issues},
	year = {1999}
}

@incollection{ouhalla:99,
	address = {Amsterdam},
	author = {Ouhalla, Jamal},
	booktitle = {The Grammar of Focus},
	editor = {Georges Rebuschi and Laurice Tuller},
	pages = {335--359},
	publisher = {John Benjamins Publishing Company},
	title = {Focus and {{Arabic}} Clefts},
	year = {1999}
}

@incollection{nakanishi:07,
	address = {Dordrecht},
	author = {Nakanishi, Kimiko},
	booktitle = {Topic and Focus: {{C}ross-Linguistic} Perspectives on                  Meaning and Intonation},
	editor = {Chungmin Lee and Matthew Gordon and Daniel B{\"u}ring},
	pages = {177--193},
	publisher = {Kluwer Academic Publishers},
	title = {Prosody and Information Structure in {{Japanese}}: {A} Case Study                   of topic Marker wa},
	year = {2007}
}

@incollection{molnar:02,
	address = {Amsterdam, Netherland},
	author = {Moln{\'a}r, Val{\'e}ria},
	booktitle = {Information Structure in a {Cross-Linguistic} Perspective},
	editor = {H. Hasselgrd and S. Johansson and B. Behrens and                   C. Fabricius-Hansen},
	pages = {147--162},
	publisher = {Rodopi},
	sortname = {Moln{a}r, Val{e}ria},
	title = {Contrast -- From a Contrastive Perspective},
	year = {2002}
}

@incollection{mereu:09,
	address = {Berlin/New York},
	author = {Mereu, Lunella},
	booktitle = {Information Structure and its Interfaces},
	editor = {Lunella Mereu},
	pages = {75--104},
	publisher = {Mouton de Gruyter},
	title = {Universals of Information Structure},
	year = {2009}
}

@incollection{li:thompson:76,
	address = {New York},
	author = {Li, Charles N. and Sandra Thompson},
	booktitle = {Subject and Topic},
	editor = {Charles N. Li},
	pages = {457--490},
	publisher = {Academic Press},
	sortname = {Li, Charles N. and Sandra Thompson},
	title = {Subject and Topic: {A} New Typology of Language},
	year = {1976}
}

@incollection{lecarme:99,
	address = {Amsterdam},
	author = {Lecarme, Jacqueline},
	booktitle = {The Grammar of Focus},
	editor = {Georges Rebuschi and Laurice Tuller},
	pages = {1--22},
	publisher = {John Benjamins Publishing Company},
	title = {Focus in {S}omali},
	year = {1999}
}

@incollection{kuno:76,
	address = {New York, NY},
	author = {Susumu Kuno},
	booktitle = {Subject and Topic},
	editor = {Charles N. Li},
	pages = {417--444},
	publisher = {Academic Press},
	title = {Subject, Theme and Speaker's Empathy: {A} Reexamination of                   Relativization Phenomena},
	year = {1976}
}

@incollection{klein:00,
	address = {Stanford, CA},
	author = {Klein, Ewan},
	booktitle = {Grammatical Interfaces in {{HPSG}}},
	editor = {Ronnie Cann and Claire Grover and Philip Miller},
	pages = {169--200},
	publisher = {CSLI Publications},
	title = {Prosodic Constituency in {{HPSG}}},
	year = {2000}
}

@incollection{kim:park:00,
	address = {Stanford, CA},
	author = {Jong-Bok Kim and Byung-Soo Park},
	booktitle = {Grammatical Interfaces in {{HPSG}}},
	editor = {Ronnie Cann and Claire Grover and Philip Miller},
	pages = {153--168},
	publisher = {CSLI Publications},
	title = {Grammatical Interfaces in {{Korean}} Relatives},
	year = {2000}
}

@incollection{kihm:99,
	address = {\biberror{no address}},
	author = {Kihm, Alain},
	booktitle = {The Grammar of Focus},
	editor = {Georges Rebuschi and Laurice Tuller},
	pages = {245--273},
	publisher = {John Benjamins Publishing Company},
	title = {Focus in {W}olof},
	year = {1999}
}

@incollection{kaiser:09,
	address = {Oxford, UK},
	author = {Kaiser, Elsi},
	booktitle = {Information Structure: {T}heoretical, Typological, and                   Experimental Perspectives},
	editor = {Malte Zimmermann and Caroline F\'{e}ry},
	pages = {332--354},
	publisher = {Oxford University Press},
	title = {Investigating Effects of Structural and                   Information-structural Factors on Pronoun                   Resolution},
	year = {2009}
}

@incollection{joshi:schabes:97,
	address = {Berlin},
	author = {Joshi, Aravind K. and Schabes, Yves},
	booktitle = {Handbook of Formal Languages},
	editor = {Grzegorz Rozenberg and Arto Salomaa},
	pages = {69--123},
	publisher = {Springer},
	sortname = {Joshi, Aravind K. and Schabes, Yves},
	title = {{Tree-Adjoining} Grammars},
	year = {1997}
}

@incollection{horvath:07,
	address = {Amsterdam},
	author = {Horvath, Julia},
	booktitle = {Phrasal and Clausal Architecture},
	editor = {Simin Karimi and Vida Samiian and Wendy K. Wilkins},
	pages = {108--145},
	publisher = {John Benjamins Publishing Company},
	title = {Separating Focus Movement from Focus},
	year = {2007}
}

@incollection{heycock:07,
	address = {\biberror{no address}},
	author = {Heycock, Caroline},
	booktitle = {The {Blackwell} Companion to Syntax},
	editor = {Martin Everaert and Henk van Riemsdijk},
	pages = {174--209},
	publisher = {Wiley Online Library},
	title = {Embedded Root Phenomena},
	year = {2007}
}

@incollection{hedberg:sosa:07,
	address = {Dordrecht},
	author = {Hedberg, Nancy and Juan M. Sosa},
	booktitle = {Topic and Focus: {{C}ross-Linguistic} Perspectives on                   Meaning and Intonation},
	editor = {Chungmin Lee and Matthew Gordon and Daniel B\'{u}ring},
	pages = {101--120},
	publisher = {Kluwer Academic Publishers},
	sortname = {Hedberg, Nancy and Juan M. Sosa},
	title = {The Prosody of Topic and Focus in Spontaneous {{English}}                   Dialogue},
	year = {2007}
}

@incollection{hedberg:06,
	address = {Berlin},
	author = {Hedberg, Nancy},
	booktitle = {The Architecture of Focus},
	editor = {Val\'{e}ria Moln\'{a}r, Susanne Winkler},
	pages = {373--397},
	publisher = {Walter de Gruyter},
	title = {{Topic-Focus} Controversies},
	year = {2006}
}

@incollection{hartmann:zimmermann:07,
	address = {Berlin},
	author = {Katharina Hartmann and Malte Zimmermann},
	booktitle = {Focus Strategies in {{African}} Languages: {T}he Interaction of                   Focus and Grammar in {{Niger-Congo} and Afro-Asiatic}},
	editor = {Aboh, Enoch Olad{\'e} and Hartmann, Katharina and Zimmermann, Malte},
	pages = {241--263},
	publisher = {Moutin de Gruyter},
	title = {Exhaustivity Marking in {Hausa}: {A} Reanalysis of the Particle                   \textit{nee}/\textit{cee}},
	year = {2007}
}

@incollection{gussenhoven:99,
	address = {Cambridge, UK},
	author = {Carlos Gussenhoven},
	booktitle = {Focus: {L}inguistic, Cognitive, and Computational                    Perspectives},
	editor = {Peter Bosch and Rob van der Sandt},
	pages = {43--55},
	publisher = {Cambridge University Press},
	title = {On the Limits of Focus Projection in {{English}}},
	year = {1999}
}

@incollection{gussenhoven:07,
	address = {Dordrecht},
	author = {Carlos Gussenhoven},
	booktitle = {Topic and Focus: {{C}ross-Linguistic} Perspectives on                   Meaning and Intonation},
	editor = {Chungmin Lee and Matthew Gordon and Daniel B\'{u}ring},
	pages = {83--100},
	publisher = {Kluwer Academic Publishers},
	title = {Types of Focus in {{English}}},
	year = {2007}
}

@incollection{gundel:99,
	address = {Cambridge, UK},
	author = {Gundel, Jeanette K.},
	booktitle = {Focus: {L}inguistic, Cognitive, and Computational                   Perspectives},
	editor = {Peter Bosch and Rob van der Sandt},
	pages = {293--305},
	publisher = {Cambridge University Press},
	sortname = {Gundel, Jeanette K.},
	title = {On Different Kinds of Focus},
	year = {1999}
}

@incollection{gundel:02,
	address = {Amsterdam},
	author = {Gundel, Jeanette K.},
	booktitle = {Information Structure in a {Cross-Linguistic} Perspective},
	editor = {H. Hasselgrd and S. Johansson and B. Behrens and                   C. Fabricius-Hansen},
	pages = {113--128},
	publisher = {Rodopi},
	sortname = {Gundel, Jeanette K.},
	title = {Information Structure and the Use of Cleft Sentences in                   {{English}} and {Norwegian}},
	year = {2002}
}

@incollection{fintel:04,
	address = {Oxford, UK},
	author = {{von Fintel}, Kai},
	booktitle = {Descriptions and Beyond},
	editor = {Marga Reimer and Anne Bezuidenhout},
	pages = {315--341},
	publisher = {Oxford University Press},
	title = {Would You Believe It? {T}he King of {{France}} is Back!                   (Presuppositions and Truth-value Intuitions)},
	year = {2004}
}

@incollection{fery:krifka:08,
	address = {Amsterdam},
	author = {F{\'e}ry, Caroline and Krifka, Manfred},
	booktitle = {Unity and Diversity of Languages},
	editor = {Piet van Sterkenburg},
	pages = {123--136},
	publisher = {John Benjamins Publishing Company},
	sortname = {F{e}ry, Caroline and Krifka, Manfred},
	title = {Information Structure: {N}otional Distinctions, Ways of                   Expression},
	year = {2008}
}

@incollection{erteschik:99,
	address = {Amsterdam},
	author = {Nomi Erteschik-Shir},
	booktitle = {The Grammar of Focus},
	editor = {Georges Rebuschi and Laurice Tuller},
	pages = {119--150},
	publisher = {John Benjamins Publishing Company},
	title = {Focus Structure and Scope},
	year = {1999}
}

@incollection{emonds:04,
	address = {Dordrecht},
	author = {Emonds, Joseph},
	booktitle = {Peripheries: {S}yntactic Edges and their Effects},
	editor = {David Adger and C{\'e}cile de Cat and Georges Tsoulas},
	pages = {75--120},
	publisher = {Kluwer Academic Publishers},
	title = {Unspecified Categories as the Key to Root Constructions},
	year = {2004}
}

@incollection{clech:99,
	address = {\biberror{no address}},
	author = {Clech-Darbon, Anne and Rebuschi, Georges and Rialland,                   Annie},
	booktitle = {The Grammar of Focus},
	editor = {Georges Rebuschi and Laurice Tuller},
	pages = {83--118},
	publisher = {John Benjamins Publishing Company},
	title = {Are There Cleft Sentences in {{French}}},
	year = {1999}
}

@incollection{chafe:76,
	address = {New York, NY},
	author = {Wallace L. Chafe},
	booktitle = {Subject and Topic},
	editor = {Charles N. Li},
	pages = {25--55},
	publisher = {Academic Press},
	sortname = {Wallace L. Chafe},
	title = {Givenness, Contrastiveness, Definiteness, Subjects, Topics,                   and Point of View in Subject and Topic},
	year = {1976}
}

@incollection{buring:99,
	address = {Cambridge, UK},
	author = {B{\"u}ring, Daniel},
	booktitle = {Focus: {L}inguistic, Cognitive, and Computational                    Perspectives},
	editor = {Peter Bosch and Rob van der Sandt},
	pages = {142--165},
	publisher = {Cambridge University Press},
	sortname = {B{u}ring, Daniel},
	title = {Topic},
	year = {1999}
}

@incollection{buring:10,
	address = {Oxford, UK},
	author = {B{\"u}ring, Daniel},
	booktitle = {Information Structure},
	editor = {Malte Zimmermann abd Caroline F{\'e}ry},
	pages = {177--205},
	publisher = {Oxford University Press},
	sortname = {B{u}ring, Daniel},
	title = {Towards a Typology of Focus Realization},
	year = {2010}
}

@incollection{buring:06,
	address = {Berlin},
	author = {B{\"u}ring, Daniel},
	booktitle = {The Architecture of Focus},
	editor = {Moln{\'a}r, Val{\'e}ria and Winkler, Susanne},
	pages = {321--346},
	publisher = {Mouton de Gruyter},
	sortname = {B{u}ring, Daniel},
	title = {Focus Projection and Default Prominence},
	year = {2006}
}

@incollection{bender:etal:11b,
	address = {Stanford,CA},
	author = {Bender, Emily M. and Dan Flickinger and Stephan Oepen},
	booktitle = {Language from a Cognitive Perspective: {G}rammar, Usage and                   Processing},
	editor = {Emily M. Bender and Jennifer E. Arnold},
	pages = {5--29},
	publisher = {CSLI Publications},
	sortname = {Bender, Emily M. and Dan Flickinger and Stephan Oepen},
	title = {Grammar Engineering and Linguistic Hypothesis Testing: {C}omputational Support for Complexity in Syntactic                   Analysis},
	year = {2011}
}

@incollection{balwin:etal:05,
	address = {Berlin},
	author = {Baldwin, Timothy and Beavers, John and Bender, Emily                   M. and Flickinger, Dan and Kim, Ara and Oepen,                   Stephan},
	booktitle = {Linguistic {E}vidence: {{E}}mpirical, Theoretical, and                   Computational Perspectives},
	editor = {Kepser, Stephan and Reis, Marga},
	pages = {\biberror{no pages}},
	publisher = {Mouton de Gruyter},
	seriestitle = {Studies in Generative Grammar},
	sortname = {Baldwin, Timothy and Beavers, John and Bender, Emily                   M. and Flickinger, Dan and Kim, Ara and Oepen,                   Stephan},
	title = {Beauty and the Beast: {W}hat Running a Broad-coverage                   Precision Grammar over the {{BNC}} Taught us about the                   Grammar --- and the Corpus},
	year = 2005,   pages = {49--70}
}

@incollection{ambar:99,
	address = {Amsterdam},
	author = {Ambar, Manuela},
	booktitle = {The Grammar of Focus},
	editor = {Georges Rebuschi and Laurice Tuller},
	pages = {23--54},
	publisher = {John Benjamins Publishing Company},
	title = {Aspects of the Syntax of Focus in {{Portuguese}}},
	year = {1999}
}

@book{zubizarreta:98,
	address = {Cambridge, MA},
	author = {Zubizarreta, Maria Luisa},
	publisher = {The MIT Press},
	title = {Prosody, Focus, and Word Order},
	year = {1998}
}

@book{zagona:02,
	address = {Cambridge, UK},
	author = {Zagona, Karen},
	publisher = {Cambridge University Press},
	title = {The Syntax of {{Spanish}}},
	year = {2002}
}

@book{yang:02,
	address = {Oxford, UK},
	author = {Yang, Charles D.},
	publisher = {Oxford University Press},
	sortname = {Yang, Charles D.},
	title = {Knowledge and Learning in Natural Language},
	year = {2002}
}

@book{van:05,
	address = "Cambridge, UK",   publisher={Cambridge Univ Press},
	author = {{van Valin}, Robert D.},
	publisher = {\biberror{no publisher}},
	sortname = {{van Valin}, Robert D.},
	title = {Exploring the {Syntax-Semantics} Interface},
	year = {2005}
}

@book{valentine:01,
	address = {Toronto, Canada},
	author = {J Randolph Valentine},
	publisher = {University of Toronto Press},
	title = {{N}ishnaabemwin Reference Grammar},
	year = {2001}
}

@book{tragut:09,
	address = {Amsterdam},
	author = {Tragut, Jasmine},
	publisher = {John Benjamins Publishing Company},
	title = {{Armenian: {M}odern {Eastern} Armenian}},
	year = {2009}
}

@book{steedman:01,
	address = {Cambridge, MA},
	author = {Steedman, Mark},
	publisher = {The MIT press},
	title = {The Syntactic Process},
	year = {2001}
}

@book{sohn:01,
	address = {Cambridge, UK},
	author = {Sohn, Ho-Min},
	publisher = {Cambridge University Press},
	title = {The {{Korean}} Language},
	year = {2001}
}

@book{siegel:etal:16,
	address = {Stanford, CA},
	author = {Siegel, Melanie and Bender, Emily M. and Bond, Francis},
	publisher = {CSLI Publications},
	sortname = {Siegel, Melanie and Bender, Emily M. and Bond, Francis},
	title = {Jacy: {A}n Implemented Grammar of {{Japanese}}},
	year = {2016}
}

@book{selkirk:84,
	address = "Cambridge, MA",   publisher={The MIT Press},
	author = {Selkirk, Elisabeth O'Brian},
	publisher = {\biberror{no publisher}},
	sortname = {Selkirk, Elisabeth O'Brian},
	title = {Phonology and Syntax: {T}he Relation between Sound and                   Structure},
	year = {1984}
}

@book{rochemont:86,
	address = {Amsterdam},
	author = {Rochemont, Michael S.},
	publisher = {John Benjamins Publishing Company},
	sortname = {Rochemont, Michael S.},
	title = {Focus in Generative Grammar},
	year = {1986}
}

@book{press:86,
	address = {Berlin/New York/Amsterdam},
	author = {Press, Ian J},
	publisher = {Mouton de Gruyter},
	title = {A Grammar of {Modern {Breton}}},
	year = {1986}
}

@book{pollard:sag:94,
	address = {Chicago, IL},
	author = {Carl Pollard and Ivan A. Sag},
	publisher = {\biberror{no publisher}},
	sortname = {Carl Pollard and Ivan A. Sag},
	title = {{{H}ead-{D}}riven {P}hrase {S}tructure {G}rammar},
	year = 1994,   publisher = {The University of Chicago Press}
}

@book{nichols:11,
	address = "Berkeley, CA",   publisher={University of California Press},
	author = {Nichols, Johanna},
	publisher = {\biberror{no publisher}},
	title = {{I}ngush Grammar},
	year = {2011}
}

@book{nelson:etal:02,
	address = {Philadelphia},
	author = {Nelson, Gerald and Wallis, Sean and Aarts, Bas},
	publisher = {John Benjamins Publishing Co. },
	title = {Exploring Natural Language: {W}orking with the {{British}}                   Component of the International Corpus of {English}},
	year = {2002}
}

@book{montgomery:08,
	address = {Ann Arbor, MI},
	author = {Montgomery-Anderson, Brad},
	publisher = {ProQuest LLC},
	title = {A Reference Grammar of {{Oklahoma} Cherokee}},
	year = {2008}
}

@book{lambrecht:96,
	address = {Cambridge, UK},
	author = {Lambrecht, Knud},
	publisher = {Cambridge University Press},
	title = {Information Structure and Sentence Form: {T}opic, Focus, and                   the Mental Representations of Discourse Referents},
	year = {1996}
}

@book{ladd:08,
	address = {Cambridge, UK},
	author = {Ladd, D Robert},
	publisher = {Cambridge University Press},
	title = {Intonational Phonology},
	year = {2008}
}

@book{kuno:73,
	address = {Cambridge, MA},
	author = {Susumu Kuno},
	publisher = {The MIT Press},
	title = {The Structure of the {{Japanese}} Language},
	year = {1973}
}

@book{kizu:05,
	address = {New York, NY},
	author = {Kizu, Mika},
	publisher = {Palgrave Macmillan},
	title = {Cleft Constructions in {{Japanese}} Syntax},
	year = {2005}
}

@book{king:95,
	address = {Stanford, CA},
	author = {Tracy Holloway King},
	publisher = {CSLI publications},
	title = {Configuring Topic and Focus in {{Russian}}},
	year = {1995}
}

@book{kim:sells:08,
	address = {Stanford, CA},
	author = {Kim, Jong-Bok and Sells, Peter},
	publisher = {CSLI publications},
	title = {{{English}} Syntax: {A}n Introduction},
	year = {2008}
}

@book{kiefer:67,
	address = {Bloomington},
	author = {Ferenc Kiefer},
	publisher = {Indiana University Press},
	title = {On Emphasis and Word Order in {{Hungarian}}},
	year = {1967}
}

@book{kamp:reyle:93,
	address = {London},
	author = {Hans Kamp and Uwe Reyle},
	publisher = {Kluwer Academic Publishers},
	title = {From Discourse to Logic},
	year = {1993}
}

@book{kadmon:01,
	address = {Malden, MA},
	author = {Kadmon, Nirit},
	publisher = {Blackwell Publisher Inc.},
	title = {Formal Pragmatics},
	year = {2001}
}

@book{jacobs:05,
	address = {New York},
	author = {Neil G. Jacobs},
	publisher = {Cambridge University Press},
	sortname = {Neil G. Jacobs},
	title = {{Y}iddish: {A} Linguistic Introduction},
	year = {2005}
}

@book{jackendoff:72,
	address = {Cambridge, MA},
	author = {Jackendoff, Ray S.},
	publisher = {The MIT Press},
	sortname = {Jackendoff, Ray S.},
	title = {Semantic Interpretation in Generative Grammar.},
	year = {1972}
}

@book{huang:etal:09,
	address = {Cambridge, UK},
	author = {Huang, C.-T. James and Li, Y.-H. Audrey and Li, Yafei},
	publisher = {Cambridge University Press},
	sortname = {Huang, C.-T. James and Li, Y.-H. Audrey and Li, Yafei},
	title = {The Syntax of {{Chinese}}},
	year = {2009}
}

@book{halliday:70,
	address = {Oxford},
	author = {Halliday, Michael Alexander Kirkwood},
	publisher = {Oxford University Press},
	title = {A Course in Spoken {{English}}: {I}ntonation},
	year = {1970}
}

@book{gunji:87,
	address = {\biberror{no address}},
	author = {Gunji, Takao},
	publisher = {Kluwer Academic Publishers Group},
	title = {{{Japanese}} Phrase Structure Grammar: {A} {Unification-Based}                   Approach},
	year = {1987}
}

@book{gundel:83,
	address = {New York, NY},
	author = {Gundel, Jeanette K.},
	publisher = {Garland},
	sortname = {Gundel, Jeanette K.},
	title = {The Role of Topic and Comment in Linguistic Theory},
	year = {1983}
}

@book{frota:00,
	address = {\biberror{no address}},
	author = {Frota, S{\'o}nia},
	publisher = {Garland Publishing Inc.},
	sortname = {Frota, S{o}nia},
	title = {Prosody and Focus in {{European} Portuguese}: {P}honological                   Phrasing and Intonation},
	year = 2000,   address={New York, NY}
}

@book{frascarelli:00,
	address = {Dordrecht/Boston},
	author = {Frascarelli, Mare},
	publisher = {Kluwer Academic Publishers},
	title = {The {Syntax-Phonology} Interface in Focus and Topic                   Constructions in {{Italian}}},
	year = {2000}
}

@book{firbas:92,
	address = {Cambridge, UK},
	author = {Jan Firbas},
	publisher = {Cambridge University Press},
	title = {Functional Sentence Perspective in Written and Spoken                   Communication},
	year = {1992}
}

@book{erteschik:07,
	address = {Oxford, UK},
	author = {Erteschik-Shir, Nomi},
	publisher = {Oxford University Press},
	title = {Information Structure: {T}he {Syntax-Discourse} Interface},
	year = {2007}
}

@book{dipper:etal:07,
	address = {\biberror{no address}},
	author = {Dipper, Stefanie and Goetze, Michael and Skopeteas,                   Stavros},
	publisher = {Universit\"{a}tsverlag {Potsdam}},
	title = {Information Structure in Cross-linguistic Corpora: {A}nnotation Guidelines for Phonology, Morphology,                   Syntax, Semantics and Information Structure},
	year = {2007}
}

@book{dekuthy:00,
	address = {\biberror{no address}},
	author = {De Kuthy, Kordula},
	publisher = {CSLI publications},
	title = {Discontinuous {{NP}}s in {{German}} -- A Case Study of the                   Interaction of Syntax, Semantics and Pragmatics},
	year = {2000}
}

@book{croft:02,
	address = {Cambridge, UK},
	author = {Croft, William},
	publisher = {Cambridge University Press},
	title = {Typology and Universals},
	year = {2002}
}

@book{copestake:02,
	address = "Stanford, CA",   publisher={CSLI Publications},
	author = {Copestake, Ann},
	publisher = {\biberror{no publisher}},
	title = {Implementing Typed Feature Structure Grammars},
	year = {2002}
}

@book{choi:99,
	address = "Stanford, CA",   publisher={CSLI Publications},
	author = {Choi, Hye-Won},
	publisher = {\biberror{no publisher}},
	title = {Optimizing Structure in Context: {S}crambling and Information                   Structure},
	year = {1999}
}

@book{chapman:81,
	address = {Brasilia},
	author = {Chapman, Shirley},
	publisher = {Summer Institute of Linguistics},
	series = {Archivo Linguistico},
	title = {Prominence in {P}aumar{\'{\i}}},
	year = {1981}
}

@book{casielles:04,
	address = {New York and London},
	author = {Casielles-Su{\'a}rez, Eugenia},
	publisher = {Routledge},
	sortname = {Casielles-Su{a}rez, Eugenia},
	title = {The {Syntax-Information} Structure Interface: {{E}}vidence from                   {Spanish} and {{E}nglish}},
	year = {2004}
}

@book{bresnan:01,
	address = {Malden, MA},
	author = {Bresnan, Joan},
	publisher = {Blackwell Publisher Inc.},
	title = {{Lexical-Functional} Syntax},
	year = {2001}
}

@book{bolinger:77,
	address = {London},
	author = {Bolinger, Dwight Le Merton},
	publisher = {Longman},
	title = {Meaning and Form},
	year = {1977}
}

@book{beaver:clark:08,
	address = "Malden, MA",   publisher={Wiley-Blackwell},
	author = {David I. Beaver and Brady Z. Clark},
	publisher = {\biberror{no publisher}},
	sortname = {David I. Beaver and Brady Z. Clark},
	title = {Sense and Sensitivity: {H}ow Focus Determines Meaning},
	year = {2008}
}

@article{yoshimoto:etal:06,
	author = {Kei Yoshimoto and Masahiro Kobayashi and Hiroaki Nakamura                   and Yoshiki Mori},
	journal = {Lecture Notes in Computer Science},
	pages = {103--110},
	title = {Processing of Information Structure and Floating Quantifiers                   in {{Japanese}}},
	volume = {4012},
	year = {2006}
}

@article{yoo:etal:07,
	author = {Yoo, Hyun-kyung and An, Yeri and Yang, Su-hyang},
	journal = {Language and Information},
	number = {1},
	pages = {1--23},
	title = {The Study on the Principles of Selecting {{Korean}} Particle                   `Ka' and `Nun' Using {{{Korean}}-{English}} Parallel                   Corpus [In {{Korean}}]},
	volume = {11},
	year = {2007}
}

@article{yeh:chen:04,
	author = {Yeh, Ching-Long and Chen, Yi-Chun},
	journal = {Journal of Chinese Language and Computing},
	pages = {\biberror{no pages}},
	title = {Zero Anaphora Resolution in {{Chinese}} with Shallow Parsing},
	volume = {\biberror{no volume}},
	year = {2004}
}

@article{yatabe:99,
	author = {Yatabe, Sh{\^u}ichi},
	journal = {Language, Information, Text},
	pages = {79--104},
	sortname = {Yatabe, Sh{u}ichi},
	title = {Particle Ellipsis and Focus Projection in {{Japanese}}},
	volume = {6},
	year = {1999}
}

@article{wilcock:05,
	author = {Wilcock, Graham},
	journal = {Inquiries into Words, Constraints and Contexts: Festschrift                   for Kimmo Koskenniemi on his 60th Birthday},
	pages = {268--277},
	title = {Information Structure and {Minimal Recursion Semantics}},
	volume = {\biberror{no volume}},
	year = {2005}
}

@article{vermeulen:09,
	author = {Reiko Vermeulen},
	journal = {UCL Working Papers in Linguistics},
	pages = {335--363},
	title = {On the Syntactic Typology of Topic Marking: {A} Comparative                   Study of {{Japanese}} and {Korean}},
	volume = {21},
	year = {2009}
}

@article{vallduvi:vilkuna:98,
	author = {Enric Vallduv{\'\i} and Maria Vilkuna},
	journal = {Syntax and Semantics},
	pages = {79--108},
	publisher = {Academic Press},
	sortname = {Enric Vallduv{\i} and Maria Vilkuna},
	title = {On Rheme and Kontrast},
	volume = {29},
	year = {1998}
}

@article{ueyama:jun:98,
	author = {Ueyama, Motoko and Sun-Ah Jun},
	journal = {{Japanese}/{Korean} Linguistics},
	pages = {629--645},
	title = {Focus Realization in {{Japanese}} {English} and {Korean} {English}                   Intonation},
	volume = {7},
	year = {1998}
}

@article{taylor:07,
	author = {Taylor, Heather L},
	journal = {University of Maryland Working Papers in Linguistics},
	pages = {192--206},
	title = {Movement from {{IF}}-clause Adjuncts},
	volume = {15},
	year = {2007}
}

@article{tamrazian:91,
	author = {Tamrazian, Armine},
	journal = {University College London Working Papers in Linguistics},
	pages = {101--121},
	title = {Focus and {Wh}-movement in {Armenian}},
	volume = {3},
	year = {1991}
}

@article{szendroi:99,
	author = {Kriszta Szendr\H{o}i},
	journal = {UCL Working Papers in Linguistics},
	pages = {545--573},
	sortname = {Kriszta Szendr\H{o}i},
	title = {A {Stress-Driven} Approach to the Syntax of Focus},
	volume = {11},
	year = {1999}
}

@article{strawson:64,
	author = {Strawson, Peter F.},
	journal = {Theoria},
	number = {2},
	pages = {96--118},
	publisher = {Wiley Online Library},
	sortname = {Strawson, Peter F.},
	title = {Identifying Reference and {Truth-Values}},
	volume = {30},
	year = {1964}
}

@article{steedman:00,
	author = {Steedman, Mark},
	journal = {Linguistic Inquiry},
	number = {4},
	pages = {649--689},
	title = {Information Structure and the {Syntax-Phonology} Interface},
	volume = {31},
	year = {2000}
}

@article{song:16,
	author = {Sanghoun Song},
	journal = {Language and Information},
	number = {1},
	pages = {25--49},
	title = {A Multilingual Grammar Model of Honorification: {{U}}sing the {{HPSG}} and {MRS} Formalism},
	volume = {20},
	year = {2016}
}

@article{song:14b,
	author = {Sanghoun Song},
	journal = {Language and Information},
	number = {2},
	pages = {1--29},
	title = {Information Structure of Relative Clauses in {{English}}: {A}                   Flexible and Computationally Tractable Model},
	volume = {18},
	year = {2014}
}

@article{skopeteas:fanselow:10,
	author = {Stavros Skopeteas and Gisbert Fanselow},
	journal = {Lingua},
	number = {6},
	pages = {1370--1391},
	publisher = {Elsevier},
	title = {Focus in {{Georgian}} and the Expression of Contrast},
	volume = {120},
	year = {2010}
}

@article{schneider:09,
	author = {Schneider, Cynthia},
	journal = {Oceanic Linguistics},
	number = {1},
	pages = {1--35},
	publisher = {University of Hawai'i Press},
	title = {Information Structure in {A}bma},
	volume = {48},
	year = {2009}
}

@article{schafer:etal:96,
	author = {Amy Schafer and Juli Carter and Charles Clifton Jr and Lyn                   Frazier},
	journal = {Language and Cognitive Processes},
	number = {1/2},
	pages = {135--163},
	title = {Focus in Relative Clause Construal},
	volume = {11},
	year = {1996}
}

@article{schachter:73,
	author = {Schachter, Paul},
	journal = {Language},
	number = {1},
	pages = {19--46},
	title = {Focus and Relativization},
	volume = {49},
	year = {1973}
}

@article{rooth:92,
	author = {Mats Rooth},
	journal = {Natural Language Semantics},
	number = {1},
	pages = {75--116},
	publisher = {Springer},
	title = {A Theory of Focus Interpretation},
	volume = {1},
	year = {1992}
}

@article{rivero:80,
	author = {Rivero, Mar{\'i}a-Luisa},
	journal = {Linguistic Inquiry},
	number = {2},
	pages = {363--393},
	publisher = {JSTOR},
	sortname = {Rivero, Mar{i}a-Luisa},
	title = {On Left-dislocation and Topicalization in {{Spanish}}},
	volume = {11},
	year = {1980}
}

@article{reinhart:81,
	author = {Reinhart, Tanya},
	journal = {Philosophica},
	number = {1},
	pages = {53--94},
	title = {Pragmatics and Linguistics: {A}n Analysis of Sentence                   Topics},
	volume = {27},
	year = {1981}
}

@article{prince:84,
	author = {Prince, Ellen F.},
	journal = {Annals of the New York Academy of Sciences},
	number = {1},
	pages = {213--225},
	publisher = {Wiley Online Library},
	sortname = {Prince, Ellen F.},
	title = {Topicalization and {Left-Dislocation}: {A} Functional                   Analysis},
	volume = {433},
	year = {1984}
}

@article{prince:12,
	author = {{von Prince}, Kilu},
	journal = {Journal of East Asian Linguistics},
	number = {4},
	pages = {329--366},
	publisher = {Springer},
	title = {Predication and Information Structure in {Mandarin {Chinese}}},
	volume = {21},
	year = {2012}
}

@article{poulson:11,
	author = {Poulson, Laurie},
	journal = {UW Working Papers in Linguistics},
	pages = {\biberror{no pages}},
	title = {Meta-modeling of Tense and Aspect in a Cross-linguistic                   Grammar Engineering Platform},
	volume = {28},
	year = {2011}
}

@article{portner:yabushita:98,
	author = {Portner, Paul and Yabushita, Katsuhiko},
	journal = {Linguistics and Philosophy},
	number = {2},
	pages = {117--157},
	publisher = {Springer},
	title = {The Semantics and Pragmatics of Topic Phrases},
	volume = {21},
	year = {1998}
}

@article{pedersen:08,
	author = {Pedersen, Ted},
	issn = {0891-2017},
	journal = {Computational Linguistics},
	number = {3},
	pages = {465--470},
	publisher = {The MIT Press},
	title = {Empiricism is Not a Matter of Faith},
	volume = {34},
	year = {2008}
}

@article{paul:whitman:08,
	author = {Paul, Waltraud and Whitman, John},
	journal = {The Linguistic Review},
	number = {3-4},
	pages = {413--451},
	publisher = {Walter de Gruyter GmbH \& Co. KG},
	title = {\textit{Shi ... {D}e} Focus Clefts in {Mandarin {Chinese}}},
	volume = {25},
	year = {2008}
}

@article{partee:91,
	author = {Partee, Barbara H.},
	journal = {Cornell Working Papers in Linguistics},
	pages = {159--187},
	sortname = {Partee, Barbara H.},
	title = {Topic, Focus and Quantification},
	volume = {10},
	year = {1991}
}

@article{paggio:09,
	author = {Paggio, Patrizia},
	journal = {Nordic Journal of Linguistics},
	number = {01},
	pages = {137--164},
	publisher = {Cambridge University Press},
	title = {The Information Structure of {Danish} Grammar                   Constructions},
	volume = {32},
	year = {2009}
}

@article{oepen:etal:04,
	author = {Oepen, Stephan and Dan Flickinger and Kristina Toutanova and                   Christoper D. Manning},
	journal = {Research on Language \& Computation},
	number = {4},
	pages = {575--596},
	sortname = {Oepen, Stephan and Dan Flickinger and Kristina Toutanova and                   Christoper D. Manning},
	title = {{{LinGO} Redwoods}: {A} Rich and Dynamic Treebank for {HPSG}},
	volume = {2},
	year = {2004}
}

@article{nichols:etal:10,
	author = {Eric Nichols and Francis Bond and Darren Scott Appling and                   Yuji Matsumoto},
	journal = {Journal of Natural Language Processing},
	number = {3},
	pages = {101--122},
	title = {Paraphrasing Training Data for Statistical Machine                   Translation},
	volume = {17},
	year = {2010}
}

@article{neeleman:titov:09,
	author = {Neeleman, Ad and Elena Titov},
	journal = {Linguistic Inquiry},
	number = {3},
	pages = {514--524},
	title = {Focus, Contrast, and Stress in {{Russian}}},
	volume = {40},
	year = {2009}
}

@article{nagaya:07,
	author = {Nagaya, Naonori},
	journal = {Language and Linguistics},
	pages = {343--372},
	title = {Information Structure and Constituent Order in {T}agalog},
	volume = {8},
	year = {2007}
}

@article{miyao:tsujii:08,
	author = {Miyao, Yusuke and Tsujii, Jun'ichi},
	journal = {Computational Linguistics},
	number = {1},
	pages = {35--80},
	publisher = {MIT Press},
	sortname = {Miyao, Yusuke and Tsujii, Jun'ichi},
	title = {Feature Forest Models for Probabilistic {{HPSG}} Parsing},
	volume = {34},
	year = {2008}
}

@article{mitkov:99,
	author = {Ruslan Mitkov},
	issn = {0922-6567},
	journal = {Machine Translation},
	number = {3},
	pages = {281--299},
	publisher = {Springer},
	title = {Multilingual Anaphora Resolution},
	volume = {14},
	year = {1999}
}

@article{marimon:12,
	author = {Marimon, Montserrat},
	journal = {Language Resources and Evaluation},
	number = {2},
	pages = {371--397},
	publisher = {Springer},
	title = {The {{Spanish} {DELPH-IN}} Grammar},
	volume = {47},
	year = {2012}
}

@article{maki:etal:99,
	author = {Maki, Hideki and Kaiser, Lizanne and Ochi, Masao},
	journal = {Lingua},
	number = {1},
	pages = {1--14},
	title = {Embedded Topicalization in {{English}} and {Japanese}},
	volume = {109},
	year = {1999}
}

@article{lim:12,
	author = {Lim, Dong-Hoon},
	journal = {{Korean} Linguistics},
	pages = {217--271},
	title = {{{Korean}} Particle `un/nun' and Their Syntagmatic, Paradigmatic                   Relations [In {{Korean}}]},
	volume = {64},
	year = {2012}
}

@article{law:03,
	author = {Law, Ann},
	journal = {UCL Working Papers in Linguistics},
	pages = {243--275},
	title = {Right Dislocation in {{Cantonese}} as a {Focus-Marking} Device},
	volume = {15},
	year = {2003}
}

@article{lambrecht:01,
	author = {Lambrecht, Knud},
	journal = {Linguistics},
	number = {3},
	pages = {463--516},
	title = {A Framework for the Analysis of Cleft Constructions},
	volume = {39},
	year = {2001}
}

@article{kuroda:72,
	author = {S.-Y. Kuroda},
	journal = {Foundations of Language},
	number = {2},
	pages = {153--185},
	sortname = {S.-Y. Kuroda},
	title = {The Categorical and the Thetic Judgment: {{E}}vidence from                   {Japanese} Syntax},
	volume = {9},
	year = {1972}
}

@article{kugler:etal:07,
	author = {K{\"u}gler, Frank and Skopeteas, Stavros and Verhoeven,                   Elisabeth},
	journal = {Interdisciplinary Studies on Information Structure},
	pages = {187--208},
	sortname = {K{u}gler, Frank and Skopeteas, Stavros and Verhoeven,                   Elisabeth},
	title = {Encoding Information Structure in {{Yucatec Maya}}: {O}n the                   Interplay of Prosody and Syntax},
	volume = {8},
	year = {2007}
}

@article{krifka:08,
	author = {Krifka, Manfred},
	issn = {1216-8076},
	journal = {Acta Linguistica Hungarica},
	number = {3},
	pages = {243--276},
	publisher = {Akad{\'e}miai Kiad{\'o}},
	title = {Basic Notions of Information Structure},
	volume = {55},
	year = {2008}
}

@article{kiss:99,
	author = {\'{E}. Kiss, Katalin},
	journal = {Boundaries of Morphology and Syntax},
	pages = {217--229},
	sortname = {{E}. Kiss, Katalin},
	title = {The {{English}} Cleft Construction as a Focus Phrase},
	volume = {\biberror{no volume}},
	year = {1999}
}

@article{kiss:98,
	author = {\'{E}. Kiss, Katalin},
	journal = {Language},
	number = {2},
	pages = {245--273},
	publisher = {JSTOR},
	sortname = {{E}. Kiss, Katalin},
	title = {Identificational Focus versus Information Focus},
	volume = {74},
	year = {1998}
}

@article{kim:yang:09,
	author = {Kim, Jong-Bok and Jaehyung Yang},
	journal = {{Korean} Journal of Cognitive Science},
	number = {1},
	pages = {1--28},
	title = {Processing Three Types of {{Korean}} Cleft Constructions in a                   Typed Feature Structure Grammar},
	volume = {20},
	year = {2009}
}

@article{kim:yang:04,
	author = {Kim, Jong-Bok and Yang, Jaehyung},
	journal = {Lecture Notes in Computer Science},
	pages = {13--24},
	title = {Projections from Morphology to Syntax in the {K}orean                   {R}esource {G}rammar: {I}mplementing Typed Feature                   Structures},
	volume = {2945},
	year = 2004
}

@article{kim:etal:11,
	author = {Jong-Bok Kim and Jaehyung Yang and Sanghoun Song and Francis                   Bond},
	journal = {Linguistic Research},
	number = {3},
	pages = {635--672},
	title = {Deep Processing of {{Korean}} and the Development of the {{Korean}}                   Resource Grammar},
	volume = {28},
	year = {2011}
}

@article{kim:12b,
	author = {Kim, Jieun},
	journal = {Language and Information},
	number = {1},
	pages = {1--24},
	title = {How is `Contrast' Imposed on -\textit{Nun}?},
	volume = {16},
	year = {2012}
}

@article{kim:12a,
	author = {Jong-Bok Kim},
	journal = {Linguistic Research},
	number = {1},
	pages = {45--68},
	publisher = {Kyung Hee University},
	title = {On the Syntax of the {It-Cleft} Construction: {A}                   Construction-based Perspective},
	volume = {29},
	year = {2012}
}

@article{kim:11,
	author = {Kim, Taeho},
	journal = {Linguistic Research},
	number = {1},
	pages = {223--238},
	title = {An Empirical Study of Postposing Constructions in {{Korean}}},
	volume = {28},
	year = {2011}
}

@article{kim:07,
	author = {Jong-Bok Kim},
	journal = {Studies in Modern Grammar},
	pages = {217--235},
	title = {Syntax and Semantics of {{English}} {It-Cleft} Constructions: {A}                   Constraint-Based Analysis},
	volume = {48},
	year = {2007}
}

@article{jun:etal:07,
	author = {Jun, Sun-Ah and Hee-Sun Kim and Hyuck-Joon Lee and Jong-Bok                   Kim},
	journal = {UCLA Working Papers in Phonetics },
	pages = {66--84},
	title = {An Experimental Study on the Effect of Argument Structure                   on {{VP}} Focus},
	volume = {105},
	year = {2007}
}

@article{johansson:01,
	author = {Johansson, Mats},
	issn = {0024-3949},
	journal = {Linguistics},
	number = {3},
	pages = {547--582},
	publisher = {de Gruyter},
	title = {Clefts in Contrast: {A} Contrastive Study of it Clefts and wh                   Clefts in {{English}} and {Swedish} Texts and                   Translations},
	volume = {39},
	year = {2001}
}

@article{jacobs:01,
	author = {Jacobs, Joachim},
	journal = {Linguistics},
	number = {4},
	pages = {641--681},
	title = {The Dimensions of {Topic-Comment}},
	volume = {39},
	year = {2001}
}

@article{jackendoff:08,
	author = {Jackendoff, Ray S.},
	journal = {Language},
	number = {1},
	pages = {9--28},
	sortname = {Jackendoff, Ray S.},
	title = {Construction after Construction and its Theoretical                   Challanges},
	volume = {81},
	year = {2008}
}

@article{ishihara:01,
	author = {Ishihara, Shinichiro},
	journal = {MIT Working Papers in Linguistics},
	pages = {142--175},
	title = {Stress, Focus, and Scrambling in {{Japanese}}},
	volume = {39},
	year = {2001}
}

@article{icssever:03,
	author = {{\.I}{\c{s}}sever, Sel{\c{c}}uk},
	journal = {Lingua},
	number = {11},
	pages = {1025--1053},
	publisher = {Elsevier},
	sortname = {{\.I}{\c{s}}sever, Sel{\c{c}}uk},
	title = {Information Structure in {{Turkish}}: {T}he Word {Order-Prosody}                   Interface},
	volume = {113},
	year = {2003}
}

@article{iatridou:00,
	author = {Sabine Iatridou},
	journal = {Linguistic Inquiry},
	number = {2},
	pages = {231--270},
	title = {The Grammatical Ingredients of Counterfactuality},
	volume = {31},
	year = {2000}
}

@article{huang:84,
	author = {Huang, C.-T. James},
	issn = {0024-3892},
	journal = {Linguistic Inquiry},
	number = {4},
	pages = {531--574},
	publisher = {JSTOR},
	sortname = {Huang, C.-T. James},
	title = {On the Distribution and Reference of Empty Pronouns},
	volume = {15},
	year = {1984}
}

@article{hooper:thompson:73,
	author = {Joan Hooper and Sandra Thompson},
	journal = {Linguistic Inquiry},
	number = {4},
	pages = {465--497},
	publisher = {JSTOR},
	title = {On the Applicability of Root Transformations},
	volume = {4},
	year = {1973}
}

@article{hiraiwa:ishihara:02,
	author = {Hiraiwa, Ken and Ishihara, Shinichiro},
	journal = {MIT Working Papers in Linguistics},
	pages = {35--54},
	title = {Missing links: {C}left, Sluicing, and ``\textit{{No} da}''                   Construction in {Japanese}},
	volume = {43},
	year = {2002}
}

@article{han:hedberg:08,
	author = {Han, Chung-Hye and Hedberg, Nancy},
	journal = {Journal of Semantics},
	number = {4},
	pages = {345--380},
	publisher = {Oxford Univ Press},
	title = {Syntax and Semantics of \textit{it}-clefts: {A} {Tree Adjoining                   Grammar} Analysis},
	volume = {25},
	year = {2008}
}

@article{halliday:67,
	author = {Halliday, Michael Alexander Kirkwood},
	journal = {Journal of Linguistics},
	number = {2},
	pages = {199--244},
	title = {Notes on Transitivity and Theme in {{English}}: {P}art 2},
	volume = {3},
	year = {1967}
}

@article{haiman:78,
	author = {Haiman, John},
	journal = {Language},
	number = {3},
	pages = {564--589},
	publisher = {JSTOR},
	title = {Conditionals are Topics},
	volume = {54},
	year = {1978}
}

@article{gundel:88,
	author = {Gundel, Jeanette K.},
	journal = {Studies in Syntactic Typology},
	pages = {209--239},
	publisher = {Amsterdam: John Benjamins},
	sortname = {Gundel, Jeanette K.},
	title = {Universals of {Topic-Comment} Structure},
	volume = {17},
	year = {1988}
}

@article{gundel:85,
	author = {Gundel, Jeanette K.},
	journal = {Journal of Pragmatics},
	pages = {83--107},
	sortname = {Gundel, Jeanette K.},
	title = {Shared Knowledge and Topicality},
	volume = {9},
	year = {1985}
}

@article{gundel:77,
	author = {Gundel, Jeanette K.},
	journal = {Language},
	number = {3},
	pages = {543--559},
	publisher = {JSTOR},
	sortname = {Gundel, Jeanette K.},
	title = {Where Do Cleft Sentences Come From?},
	volume = {53},
	year = {1977}
}

@article{grohmann:01,
	author = {Grohmann, Kleanthes K},
	journal = {ZAS Papers in Linguistics},
	pages = {87--112},
	title = {On Predication, Derivation and {Anti-Locality}},
	volume = {26},
	year = {2001}
}

@article{grewendorf:01,
	author = {Grewendorf, G{\"u}nther},
	journal = {Linguistic Inquiry},
	number = {1},
	pages = {87--122},
	publisher = {MIT Press},
	sortname = {Grewendorf, G{u}nther},
	title = {Multiple \textit{{{Wh}}-Fronting}},
	volume = {32},
	year = {2001}
}

@article{goodman:13,
	author = {Goodman, Michael Wayne},
	journal = {UW Working Papers in Linguistics},
	pages = {\biberror{no pages}},
	title = {Generation of {Machine-Readable} Morphological Rules with                   Human Readable Input},
	volume = {30},
	year = {2013}
}

@article{flickinger:00,
	author = {Dan Flickinger},
	booktitle = {On Building a More Efficient Grammar by Exploiting                   Types},
	editor = {Flickinger, Dan and Oepen, Stephan and             Tsujii, J. and Uszkoreit, Hans},
	journal = {Natural Language Engineering},
	number = {1},
	pages = {15--28},
	title = {On Building a More Efficient Grammar by Exploiting                   Types},
	volume = {6},
	year = 2000
}

@article{fanselow:08,
	author = {Fanselow, Gisbert},
	journal = {Acta Linguistica Hungarica},
	number = {3--4},
	pages = {397--413},
	title = {In Need of Mediation: {T}he Relation between Syntax and                   Information Structure},
	volume = {55},
	year = {2008}
}

@article{fanselow:07,
	author = {Fanselow, Gisbert},
	journal = {Interdisciplinary Studies on Information Structure, Working Papers of the SFB 632},
	pages = {205--220},
	title = {The Restricted Access of Information Structure to Syntax. {A}                   Minority Report},
	volume = {6},
	year = {2007}
}

@article{fabb:90,
	address = {Cambridge, UK},
	author = {Fabb, Nigel},
	journal = {Journal of Linguistics},
	number = {1},
	pages = {57--77},
	publisher = {Cambridge University Press},
	title = {The Difference between {{English}} Restrictive and                   Nonrestrictive Relative Clauses},
	volume = {26},
	year = {1990}
}

@article{engdahl:vallduvi:96,
	author = {Engdahl, Elisabet and Vallduv{\'i}, Enric},
	journal = {Edinburgh Working Papers in Cognitive Science},
	pages = {1--32},
	sortname = {Engdahl, Elisabet and Vallduv{i}, Enric},
	title = {Information Packaging in {{HPSG}}},
	volume = {12},
	year = {1996}
}

@article{emonds:79,
	author = {Emonds, Joseph},
	journal = {Linguistic Inquiry},
	pages = {\biberror{no pages}},
	title = {Appositive Relatives {Have} No Properties},
	volume = 10,   number=2,   pages={211--243},
	year = 1979,   publisher={JSTOR}
}

@article{drubig:03,
	author = {Drubig, Hans Bernhard},
	journal = {Linguistics},
	number = {1},
	pages = {1--50},
	publisher = {de Gruyter},
	title = {Toward a Typology of Focus and Focus Constructions},
	volume = {41},
	year = {2003}
}

@article{crysmann:05b,
	author = {Berthold Crysmann},
	journal = {Research on Language \& Computation},
	number = {1},
	pages = {61--82},
	title = {Relative Clause Extraposition in {{German}}: {A}n Efficient                   and Portable Implementation},
	volume = {3},
	year = {2005}
}

@article{copestake:etal:05,
	author = {Copestake, Ann and Flickinger, Dan and Pollard, Carl and                   Sag, Ivan A.},
	journal = {Research on Language \& Computation},
	number = {4},
	pages = {281--332},
	publisher = {Springer},
	sortname = {Copestake, Ann and Flickinger, Dan and Pollard, Carl and                   Sag, Ivan A.},
	title = {{Minimal Recursion Semantics}: {A}n Introduction},
	volume = {3},
	year = {2005}
}

@article{constant:12,
	author = {Constant, Noah},
	journal = {Linguistics and Philosophy},
	number = {5},
	pages = {407--442},
	title = {{{English}} {Rise-Fall-Rise}: {A} Study in the Semantics and                   Pragmatics of Intonation},
	volume = {35},
	year = {2012}
}

@article{comrie:84,
	author = {Bernard Comrie},
	journal = {Annual of Armenian Linguistics},
	pages = {1--21},
	title = {{Some} Formal Properties of Focus in {Modern Eastern                   Armenian}},
	volume = {5},
	year = {1984}
}

@article{cinque:77,
	author = {Cinque, Guglielmo},
	journal = {Linguistic Inquiry},
	number = {2},
	pages = {397--412},
	publisher = {JSTOR},
	title = {The Movement Nature of Left Dislocation},
	volume = {8},
	year = {1977}
}

@article{churng:07,
	author = {Sarah Churng},
	journal = {UW Working Papers in Linguistics},
	pages = {\biberror{no pages}},
	title = {The Prosody of Topic and Focus: {{E}}xplained away in Phases},
	volume = {26},
	year = {2007}
}

@article{chung:kim:09,
	author = {Chan Chung and Jong-Bok Kim},
	journal = {Studies in Modern Grammar},
	pages = {39--58},
	title = {Inverted {{English}} Concessive Constructions: {A}                   {Construction-Based} Approach},
	volume = {58},
	year = {2009}
}

@article{choe:02,
	author = {Choe, Jae-Woong},
	journal = {Language Research},
	number = {4},
	pages = {1131--1149},
	publisher = {Seoul National University, Language Research Institute},
	title = {Extended Focus: {{Korean}} Delimiter {\it man}},
	volume = {38},
	year = {2002}
}

@article{chen:12,
	address = {Berlin/Boston},
	author = {Chen, Aoju},
	booktitle = {The Expression of Information Structure},
	editor = {Manfred Krifka and Renate Manfred},
	journal = {\biberror{no journal}},
	pages = {249--286},
	publisher = {Walter de Gruyter GmbH \& Co. KG},
	title = {The Prosodic Investigation of Information Structure},
	volume = {\biberror{no volume}},
	year = {2012}
}

@article{chang:02,
	author = {Suk-Jin Chang},
	journal = {{Japanese}/{Korean} Linguistics},
	pages = {451--464},
	title = {Information Unpackaging: {A} Constraint-based Grammar Approach                   to {Topic-Focus} Articulation},
	volume = {10},
	year = {2002}
}

@article{cecchetto:99,
	author = {Cecchetto, Carlo},
	journal = {Studia Linguistica},
	number = {1},
	pages = {40--67},
	publisher = {Wiley Online Library},
	title = {A Comparative Analysis of Left and Right Dislocation in                   {{Romance}}},
	volume = {53},
	year = {1999}
}

@article{casielles:03,
	author = {Casielles-Su{\'a}rez, Eugenia},
	journal = {Bulletin of Hispanic Studies},
	number = {1},
	pages = {1--20},
	publisher = {LUP},
	sortname = {Casielles-Su{a}rez, Eugenia},
	title = {On the Interaction between Syntactic and Information                   Structures in {{Spanish}}},
	volume = {80},
	year = {2003}
}

@article{callmeier:00,
	author = {Callmeier, Ulrich},
	journal = {Natural Language Engineering},
	number = {1},
	pages = {99--107},
	title = {{{PET}} -- A Platform for Experimentation with Efficient {HPSG}                   Processing Techniques},
	volume = {6},
	year = {2000}
}

@article{byron:etal:06,
	author = {Byron, Donna K. and Gegg-Harrison, Whitney and Lee,                   Sun-Hee},
	journal = {Traitement Automatique des Langues},
	pages = {91--114},
	sortname = {Byron, Donna K. and Gegg-Harrison, Whitney and Lee,                   Sun-Hee},
	title = {Resolving Zero Anaphors and Pronouns in {{Korean}}},
	volume = {1},
	year = {2006}
}

@article{buring:97,
	author = {B{\"u}ring, Daniel},
	journal = {Linguistics and Philosophy},
	number = {2},
	pages = {175--194},
	publisher = {Springer},
	sortname = {B{u}ring, Daniel},
	title = {The Great Scope Inversion Conspiracy},
	volume = {20},
	year = {1997}
}

@article{buring:03,
	author = {B{\"u}ring, Daniel},
	journal = {Linguistics and Philosophy},
	number = {5},
	pages = {511--545},
	publisher = {Springer},
	sortname = {B{u}ring, Daniel},
	title = {On D-trees, Beans, and B-accents},
	volume = {26},
	year = {2003}
}

@article{bresnan:mchombo:87,
	author = {Bresnan, Joan and Mchombo, Sam A},
	journal = {Language},
	number = {4},
	pages = {741--782},
	title = {Topic, Pronoun, and Agreement in {C}hiche{\^w}a},
	volume = {63},
	year = {1987}
}

@article{bresnan:71,
	author = {Bresnan, Joan},
	journal = {Language},
	number = {2},
	pages = {257--281},
	title = {Sentence Stress and Syntactic Transformations},
	volume = {47},
	year = {1971}
}

@article{bond:etal:06,
	author = {Francis Bond and Sanae Fujita and Takaaki Tanaka},
	journal = {Language Resources and Evaluation},
	number = {3--4},
	pages = {253--261},
	title = {The {Hinoki} Syntactic and Semantic Treebank of {{Japanese}}},
	volume = {40},
	year = {2006}
}

@article{bolinger:61,
	author = {Bolinger, Dwight Le Merton},
	journal = {Language},
	number = {1},
	pages = {83--96},
	title = {Contrastive Accent and Contrastive Stress},
	volume = {37},
	year = {1961}
}

@article{bolinger:58,
	author = {Bolinger, Dwight Le Merton},
	journal = {Word},
	pages = {109--149},
	title = {A Theory of Pitch Accent in {{{English}}}},
	volume = {14},
	year = {1958}
}

@article{bianchi:frascarelli:10,
	author = {Valentina Bianchi and Mara Frascarelli},
	journal = {Iberia},
	number = {1},
	pages = {43--88},
	title = {Is Topic a Root Phenomenon?},
	volume = {2},
	year = {2010}
}

@article{bender:etal:10,
	affiliation = {Department of Linguistics, University of Washington,                   Seattle, WA USA},
	author = {Bender, Emily M. and Drellishak, Scott and Fokkens,                   Antske and Poulson, Laurie and Saleem, Safiyyah},
	journal = {Research on Language \& Computation},
	pages = {\biberror{no pages}},
	publisher = {Springer Netherlands},
	sortname = {Bender, Emily M. and Drellishak, Scott and Fokkens,                   Antske and Poulson, Laurie and Saleem, Safiyyah},
	title = {Grammar Customization},
	volume = 8,    number = 1,    pages = {23--72},
	year = {2010}
}

@article{bender:11,
	author = {Bender, Emily M.},
	booktitle = {On Achieving and Evaluating {Language-Independence} in NLP},
	editor = {Timothy Baldwin and Valia Kordoni},
	journal = {Linguistic Issues in Language Technology. Special Issue on                   Interaction of Linguistics and Computational                   Linguistics},
	number = {3},
	pages = {1--26},
	sortname = {Bender, Emily M.},
	title = {On Achieving and Evaluating {Language-Independence} in NLP},
	volume = {6},
	year = {2011}
}

@article{arregi:03,
	author = {Arregi, Karlos},
	journal = {U. Penn Working Papers in Linguistics},
	number = {1},
	pages = {31--44},
	title = {Clitic Left Dislocation is Contrastive Topicalization},
	volume = {9},
	year = {2003}
}

@article{alonso:etal:02,
	author = {Alonso-Ovalle, Luis and Fern{\'a}ndez-Solera, Susana and                   Frazier, Lyn and Clifton, Charles Jr.},
	journal = {{Italian} Journal of Linguistics},
	pages = {151--170},
	publisher = {PACINI},
	sortname = {Alonso-Ovalle, Luis and Fern{a}ndez-Solera, Susana and                   Frazier, Lyn and Clifton, Charles Jr.},
	title = {Null vs. {O}vert Pronouns and the {Topic-Focus} Articulation in                   {{Spanish}}},
	volume = {14},
	year = {2002}
}

@article{alexopoulou:kolliakou:02,
	author = {Alexopoulou, Theodora and Kolliakou, Dimitra},
	journal = {Journal of Linguistics},
	number = {2},
	pages = {193--245},
	title = {On Linkhood, Topicalization and Clitic Left Dislocation},
	volume = {38},
	year = {2002}
}